<record><leader>02159cam a2200361Ki 45 0</leader><controlfield tag="001">6815173</controlfield><controlfield tag="003">OCoLC</controlfield><controlfield tag="005">20150304104806.0</controlfield><controlfield tag="008">140710r20152014nyua          000 1 eng d</controlfield><datafield ind1=" " ind2=" " tag="020"><subfield code="a">9780425272817</subfield></datafield><datafield ind1=" " ind2=" " tag="020"><subfield code="a">0425272818</subfield></datafield><datafield ind1=" " ind2=" " tag="035"><subfield code="a">ocn883647357</subfield></datafield><datafield ind1=" " ind2=" " tag="040"><subfield code="a">BTCTA</subfield><subfield code="b">eng</subfield><subfield code="e">rda</subfield><subfield code="c">BTCTA</subfield><subfield code="d">BDX</subfield><subfield code="d">IEB</subfield><subfield code="d">ARDC</subfield></datafield><datafield ind1=" " ind2=" " tag="090"><subfield code="a">CUS</subfield><subfield code="b">ARDC</subfield></datafield><datafield ind1="1" ind2=" " tag="100"><subfield code="a">Cussler, Clive.</subfield></datafield><datafield ind1="1" ind2="4" tag="245"><subfield code="a">The bootlegger /</subfield><subfield code="c">Clive Cussler and Justin Scott.</subfield></datafield><datafield ind1=" " ind2=" " tag="250"><subfield code="a">Berkley premium edition.</subfield></datafield><datafield ind1=" " ind2="1" tag="264"><subfield code="a">New York :</subfield><subfield code="b">Berkley Books,</subfield><subfield code="c">2015.</subfield></datafield><datafield ind1=" " ind2="4" tag="264"><subfield code="c">&#169;2014</subfield></datafield><datafield ind1=" " ind2=" " tag="300"><subfield code="a">435 pages :</subfield><subfield code="b">illustrations ;</subfield><subfield code="c">19 cm.</subfield></datafield><datafield ind1=" " ind2=" " tag="336"><subfield code="a">text</subfield><subfield code="b">txt</subfield><subfield code="2">rdacontent</subfield></datafield><datafield ind1=" " ind2=" " tag="337"><subfield code="a">unmediated</subfield><subfield code="b">n</subfield><subfield code="2">rdamedia</subfield></datafield><datafield ind1=" " ind2=" " tag="338"><subfield code="a">volume</subfield><subfield code="b">nc</subfield><subfield code="2">rdacarrier</subfield></datafield><datafield ind1="1" ind2=" " tag="490"><subfield code="a">An Isaac Bell adventure</subfield></datafield><datafield ind1=" " ind2=" " tag="520"><subfield code="a">"It is 1921, and both Prohibition and bootlegging are in full swing. When Isaac Bell's boss and lifelong friend Joseph Van Dorn is shot and nearly killed leading the high-speed chase of a rum-running vessel, Bell swears to him that he will hunt down the lawbreakers, but he doesn't know what he is getting into. When a witness to Van Dorn's shooting is executed in a ruthlessly efficient manner invented by the Russian secret police, it becomes clear that these are no ordinary criminals. On a trail that leads from the ravages of post WWI Europe to the speakeasies of New York to the lawless streets of Detroit and Florida's lavish beachside resorts, Isaac tracks the footsteps of a criminal enterprise more ingenious and far-reaching than any he has ever known. He is up against a team of Bolshevik assassins and saboteurs, and they are intent on overthrowing the government of the United States. Packed with daring escapades and incredible heroics"--Provided by publisher.</subfield></datafield><datafield ind1=" " ind2=" " tag="596"><subfield code="a">21 35</subfield></datafield><datafield ind1=" " ind2="0" tag="650"><subfield code="a">Bell, Isaac (Fictitious character)</subfield><subfield code="v">Fiction.</subfield></datafield><datafield ind1=" " ind2="0" tag="650"><subfield code="a">Private investigators</subfield><subfield code="v">Fiction.</subfield></datafield><datafield ind1=" " ind2="0" tag="650"><subfield code="a">Prohibition</subfield><subfield code="v">Fiction.</subfield></datafield><datafield ind1="1" ind2=" " tag="700"><subfield code="a">Scott, Justin.</subfield></datafield><datafield ind1="1" ind2=" " tag="800"><subfield code="a">Cussler, Clive.</subfield><subfield code="t">Isaac Bell novels.</subfield></datafield><datafield ind1=" " ind2=" " tag="926"><subfield code="a">CUS</subfield><subfield code="w">LC</subfield><subfield code="c">1</subfield><subfield code="i">30125302525729</subfield><subfield code="l">PAPERBACKS</subfield><subfield code="m">RED_DEER_C</subfield><subfield code="r">Y</subfield><subfield code="s">Y</subfield><subfield code="t">BOOK</subfield><subfield code="u">3/4/2015</subfield></datafield><datafield ind1=" " ind2=" " tag="926"><subfield code="a">FIC CUS</subfield><subfield code="w">LC</subfield><subfield code="c">1</subfield><subfield code="i">33333001339858</subfield><subfield code="l">FICTION</subfield><subfield code="m">CONCORDIA</subfield><subfield code="r">Y</subfield><subfield code="s">Y</subfield><subfield code="t">BOOK</subfield><subfield code="u">11/14/2016</subfield></datafield></record>